@article{Aad_2012,
   title={Observation of a new particle in the search for the Standard Model Higgs boson with the ATLAS detector at the LHC},
   volume={716},
   ISSN={0370-2693},
   DOI={10.1016/j.physletb.2012.08.020},
   number={1},
   journal={Physics Letters B},
   publisher={Elsevier BV},
   author={Aad, G. and Abajyan, T. and Abbott, B. and Abdallah, J. and Abdel Khalek, S. and Abdelalim, A.A. and Abdinov, O. and Aben, R. and Abi, B. and Abolins, M. and AbouZeid, O.S. and Abramowicz, H. and Abreu, H. and Acharya, B.S. },
   year={2012},
   month=sep, pages={1–29} }


@article{Chatrchyan_2012,
   title={Observation of a new boson at a mass of 125 GeV with the CMS experiment at the LHC},
   volume={716},
   ISSN={0370-2693},
   DOI={10.1016/j.physletb.2012.08.021},
   number={1},
   journal={Physics Letters B},
   publisher={Elsevier BV},
   author={Chatrchyan, S. and Khachatryan, V. and Sirunyan, A.M. and Tumasyan, A. and Adam, W. and Aguilo, E. and Bergauer, T. and Dragicevic, M. and Erö, J. and Fabjan, C. and Friedl, M. and Frühwirth, R. and Ghete, V.M. and Hammer },
   year={2012},
   month=sep, pages={30–61} }


@misc{zannoni1999quantization,
      title={On the Quantization of the Monoatomic Ideal Gas}, 
      author={Alberto Zannoni},
      year={1999},
      eprint={cond-mat/9912229},
      archivePrefix={arXiv},
      primaryClass={cond-mat.stat-mech}
}

@article{Dirac_1926, title={On the theory of Quantum Mechanics}, volume={112}, DOI={10.1098/rspa.1926.0133}, number={762}, journal={Proceedings of the Royal Society of London. Series A, Containing Papers of a Mathematical and Physical Character}, author={Dirac, Paul Adrien Maurice}, year={1926}, month={10}, pages={661–677}} 


@article{Pauli_1925, title={Über den Zusammenhang des abschlusses der elektronengruppen im atom mit der komplexstruktur der spektren}, volume={31}, DOI={10.1007/bf02980631}, number={1}, journal={Zeitschrift für Physik}, author={Pauli, W.}, year={1925}, month={2}, pages={765–783}} 

@article{Einstein_2005, title={Quantentheorie des Einatomigen idealen gases}, DOI={10.1002/3527608958.ch27}, journal={Albert Einstein: Akade-mie Vorträge}, author={Einstein, A.}, year={2005}, month={12}, pages={237–244}} 

@article{Bose_1924, title={Plancks gesetz und lichtquantenhypothese}, volume={26}, DOI={10.1007/bf01327326}, number={1}, journal={Zeitschrift fur Physik}, author={Bose}, year={1924}, month={12}, pages={178–181}} 

@article{Lopienska:2800984,
      author        = "Lopienska, Ewa",
      title         = "{The CERN accelerator complex, layout in 2022. Complexe des accélérateurs du CERN en janvier 2022}",
      year          = "2022",
      url           = "https://cds.cern.ch/record/2800984",
      note          = "General Photo",
}

@book{CMS_sketch,
      author        = "Bayatian, G L and Chatrchyan, S and Hmayakyan, G and
                       Sirunyan, A M and Adam, W and Bergauer, T and Dragicevic, M
                       and Ero, J and Friedl, M and Fruehwirth, R and Ghete, V and
                       Glaser, P and Hrubec, J and Jeitler, M and Krammer, M and
                       Magrans, I and Mikulec, I and Mitaroff, W and Noebauer, T
                       and Pernicka, M and Porth, P and Rohringer, H and Strauss,
                       J and Taurok, A and Waltenberger, W and Walzel, G and Widl,
                       E ",
      collaboration = "CMS",
      title         = "{CMS Physics: Technical Design Report Volume 1: Detector
                       Performance and Software}",
      publisher     = "CERN",
      address       = "Geneva",
      series        = "Technical design report. CMS",
      year          = "2006",
      url           = "https://cds.cern.ch/record/922757",
      note          = "There is an error on cover due to a technical problem for
                       some items",
}
@phdthesis{CMS_cords,
    author = "Bauer, Julia",
    title = "{Prospects for the Observation of Electroweak Top Quark Production with the CMS Experiment}",
    reportNumber = "IEKP-KA-2010-08, CERN-THESIS-2010-146, CMS-TS-2010-007",
    doi = "10.5445/IR/1000018393",
    school = "KIT, Karlsruhe, Dept. Phys.",
    year = "2010"
}

@article{Sirunyan_2020,
doi = {10.1088/1748-0221/15/10/P10017},
year = {2020},
month = {10},
publisher = {},
volume = {15},
number = {10},
pages = {P10017},
author = {A.M. Sirunyan and A. Tumasyan and W. Adam and F. Ambrogi and B. Arnold and H. Bergauer and T. Bergauer and M. Dragicevic and J. Erö and A. Escalante Del Valle and M. Flechl and R. Frühwirth and M. Jeitler and N. Krammer and I. Krätschmer and D. Liko and T. Madlener and I. Mikulec and N. Rad and J. Schieck and R. Schöfbeck and M. Spanring and S. Templ and W. Waltenberger and C.-E. Wulz and M. Zarucki and V. Drugakov and V. Mossolov and J. Suarez Gonzalez and M.R. Darwish and E.A. De Wolf and D. Di Croce and X. Janssen and T. Kello and A. Lelek and M. Pieters and H. Rejeb Sfar and H. Van Haevermaet and P. Van Mechelen and S. Van Putte and N. Van Remortel and F. Blekman and E.S. Bols and S.S. Chhibra and J. D'Hondt and J. De Clercq and D. Lontkovskyi and S. Lowette and I. Marchesini and S. Moortgat and Q. Python and S. Tavernier and W. Van Doninck and P. Van Mulders and D. Beghin and B. Bilin and B. Clerbaux and G. De Lentdecker and H. Delannoy and B. Dorney and L. Favart and A. Grebenyuk and A.K. Kalsi},
title = {Performance of the CMS Level-1 trigger in proton-proton collisions at $\sqrt s$=13 TeV},
journal = {Journal of Instrumentation},
}

@article{Workman:2022ynf,
    author = "Workman, R. L. and Others",
    collaboration = "Particle Data Group",
    title = "{Review of Particle Physics}",
    doi = "10.1093/ptep/ptac097",
    journal = "PTEP",
    volume = "2022",
    pages = "083C01",
    year = "2022"
}


@article{Higgs_2022,
   title={A portrait of the Higgs boson by the CMS experiment ten years after the discovery},
   volume={607},
   ISSN={1476-4687},
   DOI={10.1038/s41586-022-04892-x},
   number={7917},
   journal={Nature},
   publisher={Springer Science and Business Media LLC},
   author={Tumasyan, A. and Adam, W. and Andrejkovic, J. W. and Bergauer, T. and Chatterjee, S. and Damanakis, K. and Dragicevic, M. and Del Valle, A. Escalante and Hussain, P. S. and Jeitler, M. and Krammer, N. and Lechner, L. and Liko, D. and Mikulec, I. and Paulitsch, P. and Pitters, F. M. and Schieck, J.},
   year={2022},
   month=jul, pages={60–68} }


@article{Schwartz_2018, 
    title={Tasi Lectures on collider physics}, 
    DOI={10.1142/9789813233348_0002}, 
    journal={Anticipating the Next Discoveries in Particle Physics}, 
    author={Schwartz, Matthew D.}, 
    year={2018}, 
    month={5}} 


@article{Chatrchyan:1215500,
      author        = "Chatrchyan, S and Khachatryan, V and Sirunyan, A M and Adam, W and Arnold, B and Bergauer, H and Bergauer, T ",
      collaboration = "CMS",
      title         = "{Precise mapping of the magnetic field in the CMS barrel
                       yoke using cosmic rays}",
      archivePrefix = "arXiv",
      eprint        = "0910.5530",
      reportNumber  = "CMS-CFT-09-015, CMS-CFT-09-015",
      journal       = "JINST",
      volume        = "5",
      pages         = "T03021",
      year          = "2010",
      doi           = "10.1088/1748-0221/5/03/T03021",
}

@article{CMS:2008xjf,
    author = "Chatrchyan, S. and others",
    collaboration = "CMS",
    title = "{The CMS Experiment at the CERN LHC}",
    doi = "10.1088/1748-0221/3/08/S08004",
    journal = "JINST",
    volume = "3",
    pages = "S08004",
    year = "2008"
}

@article{ECAL,
title = {The CMS electromagnetic Calorimeter},
journal = {Nuclear Instruments and Methods in Physics Research Section A: Accelerators, Spectrometers, Detectors and Associated Equipment},
volume = {572},
number = {1},
pages = {29-32},
year = {2007},
note = {Frontier Detectors for Frontier Physics},
issn = {0168-9002},
doi = {10.1016/j.nima.2006.10.240},
author = {R.M. Brown},
keywords = {Electromagnetic calorimetry, Lead tungstate, Radiation hardness}
}

@article{HCAL,
	doi = {10.1088/1748-0221/5/03/t03012},
  
	year = 2010,
	month = {3},
  
	publisher = {{IOP} Publishing},
  
	volume = {5},
  
	number = {03},
  
	pages = {T03012--T03012},
  
	author = {CMS Collaboration},
  
	title = {Performance of the {CMS} hadron calorimeter with cosmic ray muons and {LHC} beam data},
  
	journal = {Journal of Instrumentation}
}

@book{Brüning:782076,
      author        = "Brüning, Oliver Sim and Collier, Paul and Lebrun, P and
                       Myers, Stephen and Ostojic, Ranko and Poole, John and
                       Proudlock, Paul",
      title         = "{LHC Design Report}",
      publisher     = "CERN",
      address       = "Geneva",
      series        = "CERN Yellow Reports: Monographs",
      year          = "2004",
      doi           = "10.5170/CERN-2004-003-V-1",
}

@article{Lyndon_Evans_2008,
doi = {10.1088/1748-0221/3/08/S08001},
year = {2008},
month = {8},
publisher = {},
volume = {3},
number = {08},
pages = {S08001},
author = {Lyndon Evans and  Philip Bryant},
title = {LHC Machine},
journal = {Journal of Instrumentation}

}

@online{cern,
title={CERN},
url={https://home.cern/news/news/physics/lhc-run-3-physics-record-energy-starts-tomorrow}
}

@phdthesis{NorderhaugDrosdal:2015gkl,
    author = "Norderhaug Drosdal, Lene",
    title = "{LHC Injection Beam Quality During LHC Run I}",
    reportNumber = "CERN-THESIS-2015-254",
    school = "Oslo U.",
    month = "3",
    year = "2015"
}

@phdthesis{FODO,
author = {Rädel, Stephanie},
year = {2017},
month = {03},
pages = {},
title = {On space charge driven microbunching instability in bERLinPro}
}

@inbook{doi:10.1142/9789814436403_0023,
author = { John M.   Jowett },
title = {The LHC heavy-ion programme: The energy frontier of nuclear collisions},
booktitle = {Challenges and Goals for Accelerators in the XXI Century},
chapter = {Chapter 23},
pages = {443-465},
doi = {10.1142/9789814436403_0023},
   
}

@online{linac,
title={CERN},
url={https://home.cern/news/news/accelerators/so-long-linac2-and-thanks-all-protons}
}

@misc{CERN_cooling, url={https://home.cern/science/engineering/cryogenics-low-temperatures-high-performance}, title={CERN}} 

@article{ALICE:2008ngc,
    author = "Aamodt, K. and others",
    collaboration = "ALICE",
    title = "{The ALICE experiment at the CERN LHC}",
    doi = "10.1088/1748-0221/3/08/S08002",
    journal = "JINST",
    volume = "3",
    pages = "S08002",
    year = "2008"
}

@article{LHCb:2008vvz,
    author = "Alves, Jr., A. Augusto and others",
    collaboration = "LHCb",
    title = "{The LHCb Detector at the LHC}",
    reportNumber = "LHCb-DP-2008-001",
    doi = "10.1088/1748-0221/3/08/S08005",
    journal = "JINST",
    volume = "3",
    pages = "S08005",
    year = "2008"
}

@article{ATLAS:2008xda,
    author = "Aad, G. and others",
    collaboration = "ATLAS",
    title = "{The ATLAS Experiment at the CERN Large Hadron Collider}",
    doi = "10.1088/1748-0221/3/08/S08003",
    journal = "JINST",
    volume = "3",
    pages = "S08003",
    year = "2008"
}

@article{Schindl:1997cf,
    author = "Schindl, K.",
    editor = "Bruning, Oliver S. and Keil, E.",
    title = "{The PS booster as preinjector for LHC}",
    reportNumber = "CERN-PS-97-011, CERN-PS-97-11",
    journal = "Part. Accel.",
    volume = "58",
    pages = "63--78",
    year = "1997"
}

@article{Cappi:1997vq,
    author = "Cappi, R.",
    editor = "Bruning, Oliver S. and Keil, E.",
    title = "{The PS in the LHC injector chain}",
    reportNumber = "CERN-PS-97-016, CERN-PS-97-16",
    journal = "Part. Accel.",
    volume = "58",
    pages = "79--89",
    year = "1997"
}

@article{Linnecar:1997wj,
    author = "Linnecar, T.",
    editor = "Bruning, Oliver S. and Keil, E.",
    title = "{Preparing the SPS for LHC}",
    reportNumber = "CERN-SL-97-018-RF, CERN-SL-97-18-RF",
    journal = "Part. Accel.",
    volume = "58",
    pages = "91--101",
    year = "1997"
}

@article{Chanel:557588,
      author        = "Chanel, M",
      title         = "{LEIR: The low energy ion ring at CERN}",
      reportNumber  = "CERN-PS-2002-015-AE, CERN-AB-2003-086-ABP",
      journal       = "Nucl. Instrum. Methods Phys. Res., A",
      volume        = "532",
      pages         = "137-143",
      year          = "2004",
}

@article{IntLum,
      title         = "{Cumulative delivered and recorded luminosity versus time for 2010-2012, 2015-2018, and 2022-2023 (pp data only)}",
      year          = "2023",
      note          = "Public CMS Luminosity Information",
}

@article{Solenoid_1,
  title={Final design of the CMS solenoid cold mass},
  author={François Kircher and Ph. Br{\'e}dy and A. Calvo and B. Cur{\'e} and Domenico Campi and A. Desirelli and Pasquale Fabbricatore and Stefania Farinon and Alain Herv{\'e} and I. L. Horv{\'a}th and V. I. Klioukhine and Bruno Levesy and Marcello Losasso and Jean-pierre Lottin and Riccardo Musenich and Yves Pabot and Alain Payn and Chhon Pes and Cristiana Priano and Françoise Rondeaux and Stefano Sgobba},
  journal={IEEE Transactions on Applied Superconductivity},
  year={2000},
  volume={10},
  pages={407-410}
}
@ARTICLE{Solenoid_2,  author={Herve, A. and Blau, B. and Bredy, P. and Campi, D. and Cannarsa, P. and Cure, B. and Dupont, T. and Fabbricatore, P. and Farinon, S. and Feyzi, F. and Fazilleau, P. and Gaddi, A. and Gerwig, H. and Greco, M. and Grillet, J.P. and Kaftanov, V. and Kircher, F. and Klyukhin, V. and Levesy, B. and Loveless, R. and Maire, G. and Musenich, R. and Pabot, Y. and Payn, A. and Perinic, G. and Petiot, P. and Rondeaux, F. and Rykaczewski, H. and Sbrissa, E. and Sequeira Tavares, S. and Sgobba, S. and Smith, R.P. and Veillet, L. and Waurick, G.},  journal={IEEE Transactions on Applied Superconductivity},   title={Status of the construction of the CMS magnet},   year={2004},  volume={14},  number={2},  pages={542-547},  doi={10.1109/TASC.2004.829715}
}

@article{Solenoid_3,
	doi = {10.3390/sym13061052},
	year = 2021,
	month = {6},
  
	publisher = {{MDPI} {AG}
},
  
	volume = {13},
  
	number = {6},
  
	pages = {1052},
  
	author = {Vyacheslav Klyukhin},
  
	title = {Design and Description of the {CMS} Magnetic System Model},
  
	journal = {Symmetry}
}
@ARTICLE{Solenoid_4,  author={Herve, A.},  journal={IEEE Transactions on Applied Superconductivity},   title={The CMS detector magnet},   year={2000},  volume={10},  number={1},  pages={389-394},  doi={10.1109/77.828255}}
@book{Solenoid_5,
      collaboration = "CMS",
      title         = "{The CMS magnet project: Technical Design Report}",
      publisher     = "CERN",
      address       = "Geneva",
      series        = "Technical design report. CMS",
      year          = "1997",
      doi           = "10.17181/CERN.6ZU0.V4T9",
}

@article{Sphicas,
author = {Froidevaux, Daniel and Sphicas, Paris},
title = {General-Purpose Detectors for the Large Hadron Collider},
journal = {Annual Review of Nuclear and Particle Science},
volume = {56},
number = {1},
pages = {375-440},
year = {2006},
doi = {10.1146/annurev.nucl.54.070103.181209},
}

@article{CMS_Collaboration_2010_4T,
doi = {10.1088/1748-0221/5/03/T03021},
year = {2010},
month = {3},
publisher = {},
volume = {5},
number = {03},
pages = {T03021},
author = {CMS Collaboration},
title = {Precise mapping of the magnetic field in the  CMS barrel yoke using cosmic rays},
journal = {Journal of Instrumentation},
}

@misc{Menke, url={https://www.mpp.mpg.de/~menke/elss/home.shtml}, journal={The electromagnetic shower simulator}, author={Menke, Sven}} 

@unpublished{CMS_slice,
      author        = "Barney, David",
      title         = "{CMS Detector Slice}",
      year          = "2016",
      url           = "https://cds.cern.ch/record/2120661",
      note          = "CMS Collection.",
}

@article{Collaboration_ECAL,
   title={Performance and operation of the CMS electromagnetic calorimeter},
   volume={5},
   ISSN={1748-0221},
   DOI={10.1088/1748-0221/5/03/t03010},
   number={03},
   journal={Journal of Instrumentation},
   publisher={IOP Publishing},
   author={Collaboration, CMS},
   year={2010},
   month={3}, pages={T03010–T03010} }


@misc{roland2010forward,
      title={Forward Physics Capabilities of CMS with the CASTOR and ZDC detectors}, 
      author={Benoit Roland},
      year={2010},
      eprint={1008.0592},
      archivePrefix={arXiv},
      primaryClass={physics.ins-det}
}
@misc{gunnellini2013castor,
      title={The CASTOR calorimeter at the CMS experiment}, 
      author={Paolo Gunnellini},
      year={2013},
      eprint={1304.2943},
      archivePrefix={arXiv},
      primaryClass={physics.ins-det}
}

@article{CMS:2020ldm,
    author = "Khachatryan, Vardan and others",
    collaboration = "CMS",
    title = "{The very forward CASTOR calorimeter of the CMS experiment}",
    eprint = "2011.01185",
    archivePrefix = "arXiv",
    primaryClass = "physics.ins-det",
    reportNumber = "CMS-PRF-18-002, CERN-EP-2020-180, CMS-PRF-18-002, CERN-EP-2020-180",
    doi = "10.1088/1748-0221/16/02/P02010",
    journal = "JINST",
    volume = "16",
    number = "02",
    pages = "P02010",
    year = "2021"
}

@book{CERN:ECAL,
      collaboration = "CMS",
      title         = "{The CMS electromagnetic calorimeter project: Technical Design Report}",
      publisher     = "CERN",
      address       = "Geneva",
      series        = "Technical design report. CMS",
      year          = "1997",
      url           = "https://cds.cern.ch/record/349375",
}

@book{CERN:HCAL,
      collaboration = "CMS",
      title         = "{The CMS hadron calorimeter project: Technical Design Report}",
      publisher     = "CERN",
      address       = "Geneva",
      series        = "Technical design report. CMS",
      year          = "1997",
      url           = "https://cds.cern.ch/record/357153",
}

@techreport{Mans:1481837,
      author        = "Mans, J and Anderson, J and Dahmes, B and de Barbaro, P  and Freeman, J and Grassi, T and Hazen, E and Mans, J and Ruchti, R and Schimdt, I and Shaw, T and Tully, C and Whitmore, J and Yetkin, T",
      title         = "{CMS Technical Design Report for the Phase 1 Upgrade of the Hadron Calorimeter}",
      reportNumber  = "CERN-LHCC-2012-015, CMS-TDR-10",
      year          = "2012",
      url           = "https://cds.cern.ch/record/1481837",
}

@article{Cavallari_2011,
doi = {10.1088/1742-6596/293/1/012001},
year = {2011},
month = {4},
publisher = {},
volume = {293},
number = {1},
pages = {012001},
author = {Francesca Cavallari},
title = {Performance of calorimeters at the LHC},
journal = {Journal of Physics: Conference Series},
}

@techreport{Dominguez:1481838,
      author        = "Dominguez, A and Abbaneo, D and Arndt, K and Bacchetta, N
                       and Ball, A and Bartz, E and Bertl, W and Bilei, G M and
                       Bolla, G and Cheung, H W K and Chertok, M and Costa, S and
                       Demaria, N and Daniel Dominguez Vazquez and Ecklund, K and
                       Erdmann, W and Gill, K and Hall, G and Harder, K and
                       Hartmann, F and Horisberger, R and Johns, W and Kaestli, H
                       C and Klein, K and Kotlinski, D and Kwan, S and Pesaresi, M
                       and Postema, H and Rohe, T and Schäfer, C and Starodumov,
                       A and Streuli, S and Tricomi, A and Tropea, P and Troska, J
                       and Vasey, F and Zeuner, W",
      editor        = "Dominguez, A",
      title         = "{CMS Technical Design Report for the Pixel Detector
                       Upgrade}",
      reportNumber  = "CERN-LHCC-2012-016, CMS-TDR-11",
      year          = "2012",
      url           = "http://cds.cern.ch/record/1481838",
}
@article{Adam_2021,
doi = {10.1088/1748-0221/16/02/P02027},
year = {2021},
month = {2},
publisher = {},
volume = {16},
number = {02},
pages = {P02027},
author = {W. Adam and T. Bergauer and D. Blöch and M. Dragicevic and R. Frühwirth and V. Hinger and H. Steininger and W. Beaumont and D. Di Croce and X. Janssen and J. Lauwers and P. Van Mechelen and N. Van Remortel and F. Blekman and S.S. Chhibra and J. De Clercq and J. D'Hondt and S. Lowette and S. Moortgat and A. Morton and K. Skovpen and A.R. Sahasransu and E. Sørensen Bols and P. Van Mulders and Y. Allard and D. Beghin and B. Bilin and B. Clerbaux and G. De Lentdecker and H. Delannoy and W. Deng and L. Favart and R. Goldouzian and A. Grebenyuk and A. Kalsi and M. Mahdavikhorrami and I. Makarenko and L. Moureaux},
title = {The CMS Phase-1 pixel detector upgrade},
journal = {Journal of Instrumentation},

}

@misc{Silicon_Pixels, url={https://cms.cern/detector/identifying-tracks/silicon-pixels}, journal={Silicon Pixels | CMS Experiment}} 

@phdthesis{Axer:2003ata,
    author = "Axer, Markus",
    title = "{Development of a Test System for the Quality Assurance of Silicon Microstrip Detectors for the Inner Tracking System of the CMS Experiment}",
    school = "Aachen, Tech. Hochsch.",
    year = "2003"
}

@misc{Silicon_Strips, url={https://cms.cern/detector/identifying-tracks/silicon-strips}, journal={Silicon Strips | CMS Experiment}} 

@article{Jeitler:2165960,
      author        = "Jeitler, Manfred and Lingemann, Joschka and Rabady, Dinyar and Sakulin, Hannes and Stahl, Achim",
      title         = "{Upgrade of the CMS Global Muon Trigger}",
      journal       = "IEEE Trans. Nucl. Sci.",
      volume        = "62",
      pages         = "1104-1109",
      year          = "2015",
      doi           = "10.1109/TNS.2015.2435060",
}

@article{Fulcher:2302108,
      author        = "Fulcher, Jonathan and Lingemann, Joschka and Rabady, Dinyar and Reis, Thomas and Sakulin, Hannes",
      title         = "{The New Global Muon Trigger of the CMS Experiment}",
      journal       = "IEEE Trans. Nucl. Sci.",
      volume        = "64",
      number        = "6",
      pages         = "1467-1473",
      year          = "2017",
      doi           = "10.1109/TNS.2017.2663442",
}

@article{M_Baber_2014,
doi = {10.1088/1748-0221/9/01/C01006},
year = {2014},
month = {1},
publisher = {},
volume = {9},
number = {01},
pages = {C01006},
author = {M Baber and  M Blake and  J Brooke and  M Cepeda Hermida and  S Dasu and  T Durkin and  S Fayer and  E K Friis and  T Gorski and  G Hall and  K Harder and  G Iles and  S Ives and  J Jones and  P R Klabbers and  A G Levine and  C Lucas and  R Lucas and  D Newbold and  J Marrouche and  S Paramesvaran and  T M Perry and  A Rose and  D Sankey and  W Smith and  A Tapper and  A Thea and  T Williams},
title = {Development and testing of an upgrade to the CMS level-1 calorimeter trigger},
journal = {Journal of Instrumentation},
}

@article{Zabi_2016,
doi = {10.1088/1748-0221/11/02/C02008},
year = {2016},
month = {2},
publisher = {},
volume = {11},
number = {02},
pages = {C02008},
author = {A. Zabi and F. Beaudette and L. Cadamuro and L. Mastrolorenzo and T. Romanteau and J.B. Sauvan and T. Strebler and J. Marrouche and N. Wardle and R. Aggleton and F. Ball and J. Brooke and D. Newbold and S. Paramesvaran and D. Smith and M. Baber and A. Bundock and M. Citron and A. Elwood and G. Hall and G. Iles and C. Laner and B. Penning and A. Rose and A. Tapper and T. Durkin and K. Harder and S. Harper and C. Shepherd-Themistocleous and A. Thea and T. Williams},
title = {Triggering on electrons, jets and tau leptons  with the CMS upgraded calorimeter trigger for the LHC RUN II},
journal = {Journal of Instrumentation},
}

@article{Peruzzi_2020,
doi = {10.1088/1742-6596/1525/1/012038},
year = {2020},
month = {4},
publisher = {IOP Publishing},
volume = {1525},
number = {1},
pages = {012038},
author = {Marco Peruzzi and Giovanni Petrucciani and Andrea Rizzi and for the CMS Collaboration},
title = {The NanoAOD event data format in CMS},
journal = {Journal of Physics: Conference Series},
}

@book{Layter:343814,
      author        = "Layter, J. G.",
      collaboration = "CMS",
      title         = "{The CMS muon project: Technical Design Report}",
      publisher     = "CERN",
      address       = "Geneva",
      series        = "Technical design report. CMS",
      year          = "1997",
      url           = "https://cds.cern.ch/record/343814",
}

@article{Sirunyan_2018,
doi = {10.1088/1748-0221/13/06/P06015},
year = {2018},
month = {6},
publisher = {},
volume = {13},
number = {06},
pages = {P06015},
author = {A.M. Sirunyan and A. Tumasyan and W. Adam and F. Ambrogi and E. Asilar and T. Bergauer and J. Brandstetter and E. Brondolin and M. Dragicevic and J. Erö and A. Escalante Del Valle and M. Flechl and M. Friedl and R. Frühwirth and V.M. Ghete},
title = {Performance of the CMS muon detector and muon reconstruction with proton-proton collisions at $\sqrt s$ = 13 TeV},
journal = {Journal of Instrumentation},
}

@techreport{Hayrapetyan:2870088,
      author        = "Hayrapetyan, Aram and Tumasyan, Armen and Adam, Wolfgang and Andrejkovic, Janik Walter and Arnold, Bernhard and Bergauer, Herbert and Bergauer, Thomas and Chatterjee, Suman and Damanakis, Konstantinos and Dragicevic, Marko",
      collaboration = "CMS",
      title         = "{Development of the CMS detector for the CERN LHC Run 3}",
      institution   = "CERN",
      archivePrefix = "arXiv",
      eprint        = "2309.05466",
      reportNumber  = "CMS-PRF-21-001, CERN-EP-2023-136, CMS-PRF-21-001-003",
      address       = "Geneva",
      year          = "2023",
      url           = "https://cds.cern.ch/record/2870088",
}
@article{HCAL_2007, title={Design, performance, and calibration of CMS forward calorimeter wedges}, volume={53}, DOI={10.1140/epjc/s10052-007-0459-4}, number={1}, journal={The European Physical Journal C}, author={Abdullin, S. and Abramov, V. and Acharya, B. and Adams, M. and Akchurin, N. and Akgun, U.}, year={2007}, month={11}, pages={139–166}} 

@article{SAULI1997531,
title = {GEM: A new concept for electron amplification in gas detectors},
journal = {Nuclear Instruments and Methods in Physics Research Section A: Accelerators, Spectrometers, Detectors and Associated Equipment},
volume = {386},
number = {2},
pages = {531-534},
year = {1997},
issn = {0168-9002},
doi = {10.1016/S0168-9002(96)01172-2},
author = {F. Sauli},
}

@article{Ellis:1638469,
      author        = "Ellis, John",
      title         = "{Higgs Physics}",
      archivePrefix = "arXiv",
      eprint        = "1312.5672",
      reportNumber  = "KCL-PH-TH-2013-49, LCTS-2013-36, CERN-PH-TH-2013-315,
                       KCL-PH-TH-2013-49, LCTS-2013-36, CERN-PH-TH-2013-315",
      pages         = "117-168",
      year          = "2015",
      doi           = "10.5170/CERN-2015-004.117",
}

@article{GLASHOW1961579,
title = {Partial-symmetries of weak interactions},
journal = {Nuclear Physics},
volume = {22},
number = {4},
pages = {579-588},
year = {1961},
issn = {0029-5582},
doi = {10.1016/0029-5582(61)90469-2},
author = {Sheldon L. Glashow},
}

@article{ARNISON1983103,
title = {Experimental observation of isolated large transverse energy electrons with associated missing energy at s=540 GeV},
journal = {Physics Letters B},
volume = {122},
number = {1},
pages = {103-116},
year = {1983},
issn = {0370-2693},
doi = {10.1016/0370-2693(83)91177-2},
author = {G. Arnison and A. Astbury and B. Aubert and C. Bacci and G. Bauer and A. Bézaguet and R. Böck and T.J.V. Bowcock and M. Calvetti and T. Carroll and P. Catz and P. Cennini and S. Centro and F. Ceradini and S. Cittolin and D. Cline and C. Cochet and J. Colas and M. Corden and D. Dallman and M. DeBeer and M. {Della Negra} and M. Demoulin and D. Denegri and A. {Di Ciaccio} and D. DiBitonto and L. Dobrzynski and J.D. Dowell and M. Edwards and K. Eggert and E. Eisenhandler and N. Ellis and P. Erhard and H. Faissner and G. Fontaine and R. Frey and R. Frühwirth and J. Garvey and S. Geer and C. Ghesquière and P. Ghez and K.L. Giboni and W.R. Gibson and Y. Giraud-Héraud and A. Givernaud and A. Gonidec and G. Grayer and P. Gutierrez and T. Hansl-Kozanecka and W.J. Haynes and L.O. Hertzberger and C. Hodges},
}

@article{BAGNAIA1983130,
title = {Evidence for $Z^0 \rightarrow e^+e^-$ at the CERN pp collider},
journal = {Physics Letters B},
volume = {129},
number = {1},
pages = {130-140},
year = {1983},
issn = {0370-2693},
doi = {10.1016/0370-2693(83)90744-X},
author = {P. Bagnaia and M. Banner and R. Battiston and Ph. Bloch and F. Bonaudi and K. Borer and M. Borghini and J.-C. Chollet and A.G. Clark and C. Conta and P. Darriulat and L. {Di Lella} and J. Dines-Hansen and P.A. Dorsaz and L. Fayard and M. Fraternali and D. Froidevaux and G. Fumagalli and J.-M. Gaillard and O. Gildemeister and V.G. Goggi},
}

@article{Weinberg_Electroweak,
  title = {A Model of Leptons},
  author = {Weinberg, Steven},
  journal = {Phys. Rev. Lett.},
  volume = {19},
  issue = {21},
  pages = {1264--1266},
  numpages = {0},
  year = {1967},
  month = {11},
  publisher = {American Physical Society},
  doi = {10.1103/PhysRevLett.19.1264},
}

@article{GLASHOW_Electroweak,
title = {Partial-symmetries of weak interactions},
journal = {Nuclear Physics},
volume = {22},
number = {4},
pages = {579-588},
year = {1961},
issn = {0029-5582},
doi = {10.1016/0029-5582(61)90469-2},
author = {Sheldon L. Glashow},
}

@article{SALAM_Electroweak,
title = {Electromagnetic and weak interactions},
journal = {Physics Letters},
volume = {13},
number = {2},
pages = {168-171},
year = {1964},
issn = {0031-9163},
doi = {10.1016/0031-9163(64)90711-5},
author = {A. Salam and J.C. Ward}
}

@article{Higgs1,
	doi = {10.1016/j.physletb.2012.08.021},
	year = 2012,
	month = {9},
	publisher = {Elsevier {BV}
    },
	volume = {716},
	number = {1},
	pages = {30--61},
	author ={CMS Collaboration},
	title = {Observation of a new boson at a mass of 125 {GeV} with the {CMS} experiment at the {LHC}},
	journal = {Physics Letters B}
}

@article{Higgs2,
	doi = {10.1016/j.physletb.2012.08.020},
	year = 2012,
	month = {9},
  	publisher = {Elsevier {BV}},
	volume = {716},
	number = {1},
	pages = {1--29},
	author = {ATLAS Collaboration},
	title = {Observation of a new particle in the search for the Standard Model Higgs boson with the {ATLAS} detector at the {LHC}},
	journal = {Physics Letters B}
}

@article{Higgs3,
	doi = {10.1103/physrevlett.114.191803},
	year = 2015,
	month = {5},
	publisher = {American Physical Society ({APS})},
	volume = {114},
	number = {19},
	author = {ATLAS and CMS Collaborations},
	title = {Combined Measurement of the Higgs Boson Mass in pp Collisions at $\sqrt{s}=7$ and 8 {TeV} with the {ATLAS} and {CMS} Experiments},
	journal = {Physical Review Letters}
}

@article{HiggsMechanism1,
  title = {Quasi-Particles and Gauge Invariance in the Theory of Superconductivity},
  author = {Nambu, Yoichiro},
  journal = {Phys. Rev.},
  volume = {117},
  issue = {3},
  pages = {648--663},
  numpages = {0},
  year = {1960},
  month = {2},
  publisher = {American Physical Society},
  doi = {10.1103/PhysRev.117.648},
}

@article{HiggsMechanism2, title={Field theories with «superconductor» solutions},
volume={19}, 
DOI={10.1007/bf02812722},
number={1}, 
journal={Il Nuovo Cimento}, author={Goldstone, J.}, 
year={1961}, 
month={1}, 
pages={154–164}
} 

@article{HiggsMechanism3,
  title = {Dynamical Model of Elementary Particles Based on an Analogy with Superconductivity. I},
  author = {Nambu, Y. and Jona-Lasinio, G.},
  journal = {Phys. Rev.},
  volume = {122},
  issue = {1},
  pages = {345--358},
  numpages = {0},
  year = {1961},
  month = {4},
  publisher = {American Physical Society},
  doi = {10.1103/PhysRev.122.345},
}

@article{HiggsMechanism4,
  title = {Broken Symmetries},
  author = {Goldstone, Jeffrey and Salam, Abdus and Weinberg, Steven},
  journal = {Phys. Rev.},
  volume = {127},
  issue = {3},
  pages = {965--970},
  numpages = {0},
  year = {1962},
  month = {8},
  publisher = {American Physical Society},
  doi = {10.1103/PhysRev.127.965},
}

@article{HiggsMechanism5,
  title = {Plasmons, Gauge Invariance, and Mass},
  author = {Anderson, P. W.},
  journal = {Phys. Rev.},
  volume = {130},
  issue = {1},
  pages = {439--442},
  numpages = {0},
  year = {1963},
  month = {4},
  publisher = {American Physical Society},
  doi = {10.1103/PhysRev.130.439},
}


@article{HiggsMechanism6,
  title = {Broken Symmetries and Massless Particles},
  author = {Gilbert, Walter},
  journal = {Phys. Rev. Lett.},
  volume = {12},
  issue = {25},
  pages = {713--714},
  numpages = {0},
  year = {1964},
  month = {6},
  publisher = {American Physical Society},
  doi = {10.1103/PhysRevLett.12.713},
}

@article{HiggsMechanism7,
  title = {Broken Symmetry and the Mass of Gauge Vector Mesons},
  author = {Englert, F. and Brout, R.},
  journal = {Phys. Rev. Lett.},
  volume = {13},
  issue = {9},
  pages = {321--323},
  numpages = {0},
  year = {1964},
  month = {8},
  publisher = {American Physical Society},
  doi = {10.1103/PhysRevLett.13.321},
}

@article{HiggsMechanism8,
title = {Broken symmetries, massless particles and gauge fields},
journal = {Physics Letters},
volume = {12},
number = {2},
pages = {132-133},
year = {1964},
month={9},
issn = {0031-9163},
doi = {10.1016/0031-9163(64)91136-9},
author = {P.W. Higgs}
}

@article{HiggsMechanism9,
  title = {Broken Symmetries and the Masses of Gauge Bosons},
  author = {Higgs, Peter W.},
  journal = {Phys. Rev. Lett.},
  volume = {13},
  issue = {16},
  pages = {508--509},
  numpages = {0},
  year = {1964},
  month = {10},
  publisher = {American Physical Society},
  doi = {10.1103/PhysRevLett.13.508},
}

@article{HiggsMechanism10,
  title = {Global Conservation Laws and Massless Particles},
  author = {Guralnik, G. S. and Hagen, C. R. and Kibble, T. W. B.},
  journal = {Phys. Rev. Lett.},
  volume = {13},
  issue = {20},
  pages = {585--587},
  numpages = {0},
  year = {1964},
  month = {11},
  publisher = {American Physical Society},
  doi = {10.1103/PhysRevLett.13.585},
}

@article{HiggsMechanism11,
  title = {Spontaneous Symmetry Breakdown without Massless Bosons},
  author = {Higgs, Peter W.},
  journal = {Phys. Rev.},
  volume = {145},
  issue = {4},
  pages = {1156--1163},
  numpages = {0},
  year = {1966},
  month = {5},
  publisher = {American Physical Society},
  doi = {10.1103/PhysRev.145.1156},
}


@article{HiggsMechanism12,
    author = "Migdal, Alexander A. and Polyakov, Alexander M.",
    title = "{Spontaneous Breakdown of Strong Interaction Symmetry and the Absemce of Massless Particles}",
    journal = "Zh. Eksp. Teor. Fiz.",
    volume = "51",
    pages = "135--146",
    year = "1966"
}

@article{HiggsMechanism13,
  title = {Symmetry Breaking in Non-Abelian Gauge Theories},
  author = {Kibble, T. W. B.},
  journal = {Phys. Rev.},
  volume = {155},
  issue = {5},
  pages = {1554--1561},
  numpages = {0},
  year = {1967},
  month = {3},
  publisher = {American Physical Society},
  doi = {10.1103/PhysRev.155.1554},
}

@article{Noether,
author = {Emmy Noether},
title = {Invariant variation problems},
journal = {Transport Theory and Statistical Physics},
volume = {1},
number = {3},
pages = {186--207},
year = {1971},
publisher = {Taylor \& Francis},
doi = {10.1080/00411457108231446},
}

@article{Tomonaga,
    author = {Tomonaga, S.},
    title = "{On a Relativistically Invariant Formulation of the Quantum Theory of Wave Fields*}",
    journal = {Progress of Theoretical Physics},
    volume = {1},
    number = {2},
    pages = {27-42},
    year = {1946},
    month = {08},
    issn = {0033-068X},
    doi = {10.1143/PTP.1.27},
}

@article{Schwinger1,
  title = {On Quantum-Electrodynamics and the Magnetic Moment of the Electron},
  author = {Schwinger, Julian},
  journal = {Phys. Rev.},
  volume = {73},
  issue = {4},
  pages = {416--417},
  numpages = {0},
  year = {1948},
  month = {2},
  publisher = {American Physical Society},
  doi = {10.1103/PhysRev.73.416},
}

@article{Schwinger2,
  title = {Quantum Electrodynamics. I. A Covariant Formulation},
  author = {Schwinger, Julian},
  journal = {Phys. Rev.},
  volume = {74},
  issue = {10},
  pages = {1439--1461},
  numpages = {0},
  year = {1948},
  month = {11},
  publisher = {American Physical Society},
  doi = {10.1103/PhysRev.74.1439},
}

@article{Feynman1,
  title = {Space-Time Approach to Quantum Electrodynamics},
  author = {Feynman, R. P.},
  journal = {Phys. Rev.},
  volume = {76},
  issue = {6},
  pages = {769--789},
  numpages = {0},
  year = {1949},
  month = {9},
  publisher = {American Physical Society},
  doi = {10.1103/PhysRev.76.769},
}

@article{Feynman2,
  title = {The Theory of Positrons},
  author = {Feynman, R. P.},
  journal = {Phys. Rev.},
  volume = {76},
  issue = {6},
  pages = {749--759},
  numpages = {0},
  year = {1949},
  month = {9},
  publisher = {American Physical Society},
  doi = {10.1103/PhysRev.76.749},
}
@article{Feynman3,
  title = {Mathematical Formulation of the Quantum Theory of Electromagnetic Interaction},
  author = {Feynman, R. P.},
  journal = {Phys. Rev.},
  volume = {80},
  issue = {3},
  pages = {440--457},
  numpages = {0},
  year = {1950},
  month = {11},
  publisher = {American Physical Society},
  doi = {10.1103/PhysRev.80.440},
}

@article{Dyson1,
  title = {The Radiation Theories of Tomonaga, Schwinger, and Feynman},
  author = {Dyson, F. J.},
  journal = {Phys. Rev.},
  volume = {75},
  issue = {3},
  pages = {486--502},
  numpages = {0},
  year = {1949},
  month = {2},
  publisher = {American Physical Society},
  doi = {10.1103/PhysRev.75.486},
}

@article{Dyson2,
  title = {The $S$ Matrix in Quantum Electrodynamics},
  author = {Dyson, F. J.},
  journal = {Phys. Rev.},
  volume = {75},
  issue = {11},
  pages = {1736--1755},
  numpages = {0},
  year = {1949},
  month = {6},
  publisher = {American Physical Society},
  doi = {10.1103/PhysRev.75.1736},
}

@article{Dirac,
author = {Dirac, Paul Adrien Maurice  and Fowler, Ralph Howard },
title = {The quantum theory of the electron},
journal = {Proceedings of the Royal Society of London. Series A, Containing Papers of a Mathematical and Physical Character},
volume = {117},
number = {778},
pages = {610-624},
year = {1928},
doi = {10.1098/rspa.1928.0023},
}

@article{51,
  title = {Ultraviolet Behavior of Non-Abelian Gauge Theories},
  author = {Gross, David J. and Wilczek, Frank},
  journal = {Phys. Rev. Lett.},
  volume = {30},
  issue = {26},
  pages = {1343--1346},
  numpages = {0},
  year = {1973},
  month = {6},
  publisher = {American Physical Society},
  doi = {10.1103/PhysRevLett.30.1343},
}

@article{52,
  title = {Asymptotically Free Gauge Theories. I},
  author = {Gross, David J. and Wilczek, Frank},
  journal = {Phys. Rev. D},
  volume = {8},
  issue = {10},
  pages = {3633--3652},
  numpages = {0},
  year = {1973},
  month = {11},
  publisher = {American Physical Society},
  doi = {10.1103/PhysRevD.8.3633},
}

@article{53, 
  title = {Asymptotically free gauge theories. II},
  author = {Gross, David J. and Wilczek, Frank},
  journal = {Phys. Rev. D},
  volume = {9},
  issue = {4},
  pages = {980--993},
  numpages = {0},
  year = {1974},
  month = {2},
  publisher = {American Physical Society},
  doi = {10.1103/PhysRevD.9.980},
  
}
@article{GM1,
  title = {Symmetries of Baryons and Mesons},
  author = {Gell-Mann, Murray},
  journal = {Phys. Rev.},
  volume = {125},
  issue = {3},
  pages = {1067--1084},
  numpages = {0},
  year = {1962},
  month = {2},
  publisher = {American Physical Society},
  doi = {10.1103/PhysRev.125.1067},
}

@article{GM2,
title = {A schematic model of baryons and mesons},
journal = {Physics Letters},
volume = {8},
number = {3},
pages = {214-215},
year = {1964},
issn = {0031-9163},
doi = {10.1016/S0031-9163(64)92001-3},
author = {M. Gell-Mann}
}

@article{Zweig:570209,
      author        = "Zweig, G",
      title         = "{An SU$_3$ model for strong interaction symmetry and its breaking; Version 2}",
      reportNumber  = "CERN-TH-412",
      year          = "1964",
      doi           = "10.17181/CERN-TH-412",
}

@article{Fritzsch:1973pi,
    author = "Fritzsch, H. and Gell-Mann, Murray and Leutwyler, H.",
    title = "{Advantages of the Color Octet Gluon Picture}",
    reportNumber = "CALT-68-409",
    doi = "10.1016/0370-2693(73)90625-4",
    journal = "Phys. Lett. B",
    volume = "47",
    pages = "365--368",
    year = "1973"
}


@article{Wu,
  title = {Experimental Test of Parity Conservation in Beta Decay},
  author = {Wu, C. S. and Ambler, E. and Hayward, R. W. and Hoppes, D. D. and Hudson, R. P.},
  journal = {Phys. Rev.},
  volume = {105},
  issue = {4},
  pages = {1413--1415},
  numpages = {0},
  year = {1957},
  month = {2},
  publisher = {American Physical Society},
  doi = {10.1103/PhysRev.105.1413},
}

@article{Yukawa,
    author = {Yukawa, Hideki},
    title = "{On the Interaction of Elementary Particles. I}",
    journal = {Progress of Theoretical Physics Supplement},
    volume = {1},
    pages = {1-10},
    year = {1955},
    month = {01},
    issn = {0375-9687},
    doi = {10.1143/PTPS.1.1},
}

@article{Muon_lifetime,
  title = {Improved Measurement of the Positive-Muon Lifetime and Determination of the Fermi Constant},
  author = {Chitwood, D. B. and Banks, T. I. and Barnes, M. J. and Battu, S. and Carey, R. M. and Cheekatmalla, S. and Clayton, S. M. and Crnkovic, J. and Crowe, K. M. and Debevec, P. T. and Dhamija, S. and Earle, W. and Gafarov, A. and Giovanetti, K. and Gorringe, T. P. and Gray, F. E. and Hance, M. and Hertzog, D. W. and Hare, M. F. and Kammel, P. and Kiburg, B. and Kunkle, J. and Lauss, B. and Logashenko, I. and Lynch, K. R. and McNabb, R. and Miller, J. P. and Mulhauser, F. and Onderwater, C. J. G. and \"Ozben, C. S. and Peng, Q. and Polly, C. C. and Rath, S. and Roberts, B. L. and Tishchenko, V. and Wait, G. D. and Wasserman, J. and Webber, D. M. and Winter, P. and \ifmmode \dot{Z}\else \.{Z}\fi{}o\l{}nierczuk, P. A.},
  collaboration = {MuLan Collaboration},
  journal = {Phys. Rev. Lett.},
  volume = {99},
  issue = {3},
  pages = {032001},
  numpages = {5},
  year = {2007},
  month = {7},
  publisher = {American Physical Society},
  doi = {10.1103/PhysRevLett.99.032001},
}


@misc{Higgs_production,
  doi = {10.23731/CYRM-2017-002},
  author = {{CERN}},
  language = {en},
  title = {CERN Yellow Reports: Monographs, Vol 2 (2017): Handbook of LHC Higgs cross sections: 4. Deciphering the nature of the Higgs sector},
  publisher = {CERN},
  year = {2017},
}

@Article{Aad2016,
author={Aad, G.
and Abbott, B.
and Abdallah, J.
and Abdinov, O.
and Aben, R.
and Abolins, M.
and AbouZeid, O. S.
and Abramowicz, H.
and Abreu, H.
},
title={Measurements of the Higgs boson production and decay rates and coupling strengths using pp collision data at $\sqrt{s}$=7 and 8 TeV in the ATLAS experiment},
journal={The European Physical Journal C},
year={2016},
month={1},
day={05},
volume={76},
number={1},
pages={6},
issn={1434-6052},
doi={10.1140/epjc/s10052-015-3769-y},
}

@Article{Khachatryan2015,
author={Khachatryan, V.
and Sirunyan, A. M.
and Tumasyan, A.
and Adam, W.
and Bergauer, T.
and Dragicevic, M.
},
title={Precise determination of the mass of the Higgs boson and tests of compatibility of its couplings with the standard model predictions using proton collisions at 7 and 8 TeV},
journal={The European Physical Journal C},
year={2015},
month={5},
day={14},
volume={75},
number={5},
pages={212},
issn={1434-6052},
doi={10.1140/epjc/s10052-015-3351-7},
}

@article{2013120,
title = {Evidence for the spin-0 nature of the Higgs boson using ATLAS data},
journal = {Physics Letters B},
volume = {726},
number = {1},
pages = {120-144},
year = {2013},
issn = {0370-2693},
doi = {10.1016/j.physletb.2013.08.026},
author = {G. Aad and T. Abajyan and B. Abbott and J. Abdallah and S. Abdel Khalek and O. Abdinov and R. Aben and B. Abi },
}

@article{PhysRevD.92.012004,
  title = {Constraints on the spin-parity and anomalous $HVV$ couplings of the Higgs boson in proton collisions at 7 and 8 TeV},
  author = {Khachatryan, V. and Sirunyan, A. M. and Tumasyan, A. and Adam, W. and Bergauer, T. and Dragicevic, M.  },
  collaboration = {CMS Collaboration},
  journal = {Phys. Rev. D},
  volume = {92},
  issue = {1},
  pages = {012004},
  numpages = {55},
  year = {2015},
  month = {7},
  publisher = {American Physical Society},
  doi = {10.1103/PhysRevD.92.012004},
}


@article{PhysRevD.81.074024,
  title = {Spin correlation effects in top quark pair production at the LHC},
  author = {Mahlon, Gregory and Parke, Stephen J.},
  journal = {Phys. Rev. D},
  volume = {81},
  issue = {7},
  pages = {074024},
  numpages = {14},
  year = {2010},
  month = {4},
  publisher = {American Physical Society},
  doi = {10.1103/PhysRevD.81.074024},
}


@article{PhysRevLett.74.2626,
  title = {Observation of Top Quark Production in $\overline{\mathit{p}}\mathit{p}$ Collisions with the Collider Detector at Fermilab},
  author = {Abe, F. and Akimoto, H. and Akopian, A. and Albrow, M. G. and Amendolia, S. R. and Amidei, D. and Antos, J. and Anway-Wiese, C. and Aota, S. and Apollinari, G. and Asakawa, T. and Ashmanskas, W. and Atac, M. and Auchincloss, P. and Azfar, F. and Azzi-Bacchetta, P. and Bacchetta, N. and Badgett, W.},
  collaboration = {CDF Collaboration},
  journal = {Phys. Rev. Lett.},
  volume = {74},
  issue = {14},
  pages = {2626--2631},
  numpages = {0},
  year = {1995},
  month = {4},
  publisher = {American Physical Society},
  doi = {10.1103/PhysRevLett.74.2626},
}

@article{PhysRevLett.74.2632,
  title = {Observation of the Top Quark},
  author = {Abachi, S. and Abbott, B. and Abolins, M. and Acharya, B. S. and Adam, I. and Adams, D. L. and Adams, M. and Ahn, S. and Aihara, H. and Alitti, J. and \'Alvarez, G. and Alves, G. A. and Amidi, E. and Amos, N. and Anderson, E. W. and Aronson, S. H. and Astur, R. and Avery, R. E. and Baden, A. and Balamurali, V. and Balderston, J. and Baldin, B. and Bantly, J. and Bartlett, J. F. and Bazizi, K. and },
  collaboration = {D0 Collaboration},
  journal = {Phys. Rev. Lett.},
  volume = {74},
  issue = {14},
  pages = {2632--2637},
  numpages = {0},
  year = {1995},
  month = {4},
  publisher = {American Physical Society},
  doi = {10.1103/PhysRevLett.74.2632},
}

@article{Matsuoka_1998,
   title={The CKM Matrix and Its Origin},
   volume={100},
   ISSN={1347-4081},
   DOI={10.1143/ptp.100.107},
   number={1},
   journal={Progress of Theoretical Physics},
   publisher={Oxford University Press (OUP)},
   author={Matsuoka, T.},
   year={1998},
   month=jul, pages={107–122} }

@article{10.1143/PTP.49.652,
    author = {Kobayashi, Makoto and Maskawa, Toshihide},
    title = "{CP-Violation in the Renormalizable Theory of Weak Interaction}",
    journal = {Progress of Theoretical Physics},
    volume = {49},
    number = {2},
    pages = {652-657},
    year = {1973},
    month = {02},
    abstract = "{In a framework of the renormalizable theory of weak interaction, problems of CP-violation are studied. It is concluded that no realistic models of CP-violation exist in the quartet scheme without introducing any other new fields. Some possible models of CP-violation are also discussed.}",
    issn = {0033-068X},
    doi = {10.1143/PTP.49.652},
}


@article{Cabibbo,
  title = {Unitary Symmetry and Leptonic Decays},
  author = {Cabibbo, Nicola},
  journal = {Phys. Rev. Lett.},
  volume = {10},
  issue = {12},
  pages = {531--533},
  numpages = {0},
  year = {1963},
  month = {6},
  publisher = {American Physical Society},
  doi = {10.1103/PhysRevLett.10.531},
}


@misc{alpigiani2017unitarity,
      title={Unitarity Triangle Analysis in the Standard Model and Beyond}, 
      author={Cristiano Alpigiani and Adrian Bevan and Marcella Bona and Marco Ciuchini and Denis Derkach and Enrico Franco and Vittorio Lubicz and Guido Martinelli and Fabrizio Parodi and Maurizio Pierini and Luca Silvestrini and Viola Sordini and Achille Stocchi and Cecilia Tarantino and Vincenzo Vagnoni},
      year={2017},
      eprint={1710.09644},
      archivePrefix={arXiv},
      primaryClass={hep-ph}
}

@article{PhysRevD.2.1285,
  title = {Weak Interactions with Lepton-Hadron Symmetry},
  author = {Glashow, S. L. and Iliopoulos, J. and Maiani, L.},
  journal = {Phys. Rev. D},
  volume = {2},
  issue = {7},
  pages = {1285--1292},
  numpages = {0},
  year = {1970},
  month = {10},
  publisher = {American Physical Society},
  doi = {10.1103/PhysRevD.2.1285},
}

@article{Fukuda_1998,
   title={Evidence for Oscillation of Atmospheric Neutrinos},
   volume={81},
   ISSN={1079-7114},
   DOI={10.1103/physrevlett.81.1562},
   number={8},
   journal={Physical Review Letters},
   publisher={American Physical Society (APS)},
   author={Fukuda, Y. and Hayakawa, T. and Ichihara, E. and Inoue, K. and Ishihara, K. and Ishino, H. and Itow, Y. and Kajita, T. and Kameda, J. and Kasuga, S. and Kobayashi, K. and Kobayashi, Y. and Koshio, Y. and Miura, M. and Nakahata, M. and Nakayama, S. and Okada, A. and Okumura, K. and Sakurai, N. and },
   year={1998},
   month={8}, pages={1562–1567} }

@article{Ahmad_2002,
   title={Direct Evidence for Neutrino Flavor Transformation from Neutral-Current Interactions in the Sudbury Neutrino Observatory},
   volume={89},
   ISSN={1079-7114},
   DOI={10.1103/physrevlett.89.011301},
   number={1},
   journal={Physical Review Letters},
   publisher={American Physical Society (APS)},
   author={Ahmad, Q. R. and Allen, R. C. and Andersen, T. C. and D.Anglin, J. and Barton, J. C. and Beier, E. W. and Bercovitch, M. and },
   year={2002},
   month={6} }

@article{Agafonova_2018,
   title={Final results of the OPERA experiment on $\nu_\tau$ appearance in the CNGS beam },
   volume={120},
   ISSN={1079-7114},
   DOI={10.1103/physrevlett.120.211801},
   number={21},
   journal={Physical Review Letters},
   publisher={American Physical Society (APS)},
   author={Agafonova, N. and Alexandrov, A. and Anokhina, A. and Aoki, S. and Ariga, A. and Ariga, T. and Bertolin, A. and Bozza, C. and Brugnera, R. and Buonaura, A. and Buontempo, S. and Chernyavskiy, M. and Chukanov, A. and Consiglio, L. and D’Ambrosio, N. and De Lellis, G. and },
   year={2018},
   month={5} }

@article{10.1143/PTP.28.870,
    author = {Maki, Ziro and Nakagawa, Masami and Sakata, Shoichi},
    title = "{Remarks on the Unified Model of Elementary Particles}",
    journal = {Progress of Theoretical Physics},
    volume = {28},
    number = {5},
    pages = {870-880},
    year = {1962},
    month = {11},
    doi ={10.1143/PTP.28.870},
}

@article{Pontecorvo:1957qd,
    author = "Pontecorvo, B.",
    title = "{Inverse beta processes and nonconservation of lepton charge}",
    journal = "Zh. Eksp. Teor. Fiz.",
    volume = "34",
    pages = "247",
    year = "1957"
}

@article{PhysRevLett.44.912,
  title = {Neutrino Mass and Spontaneous Parity Nonconservation},
  author = {Mohapatra, Rabindra N. and Senjanovi\ifmmode \acute{c}\else \'{c}\fi{}, Goran},
  journal = {Phys. Rev. Lett.},
  volume = {44},
  issue = {14},
  pages = {912--915},
  numpages = {0},
  year = {1980},
  month = {4},
  publisher = {American Physical Society},
  doi = {10.1103/PhysRevLett.44.912},
}

@article{BILENKY1980495,
title = {On the oscillations of neutrinos with Dirac and Majorana masses},
journal = {Physics Letters B},
volume = {94},
number = {4},
pages = {495-498},
year = {1980},
issn = {0370-2693},
doi = {10.1016/0370-2693(80)90927-2},
author = {S.M. Bilenky and J. Hošek and S.T. Petcov},
}

@misc{aker2021direct,
      title={First direct neutrino-mass measurement with sub-eV sensitivity}, 
      author={M. Aker and A. Beglarian and J. Behrens and A. Berlev and U. Besserer and B. Bieringer and F. Block and B. Bornschein and L. Bornschein and M. Böttcher and T. Brunst and T. S. Caldwell and R. M. D. Carney and L. La Cascio and S. Chilingaryan and W. Choi and K. Debowski and M. Deffert and },
      year={2021},
      eprint={2105.08533},
      archivePrefix={arXiv},
      primaryClass={hep-ex}
}

@article{2023_tt_X,
   title={First measurement of the top quark pair production cross section in proton-proton collisions at $\sqrt{s}$ = 13.6 TeV},
   volume={2023},
   ISSN={1029-8479},
   DOI={10.1007/jhep08(2023)204},
   number={8},
   journal={Journal of High Energy Physics},
   publisher={Springer Science and Business Media LLC},
   author={Tumasyan, A. and Adam, W. and Andrejkovic, J. W. and Bergauer, T. and Chatterjee, S. and Damanakis, K. and Dragicevic, M. and Escalante Del Valle, A. and Hussain, P. S. and Jeitler, M. and Krammer, N. and Lechner, L. and Liko, D. and Mikulec, I. },
   year={2023},
   month={8} }

@misc{LHCTopWG,
    title={NNLO+NNLL top-quark-pair cross sections},
    url={https://twiki.cern.ch/twiki/bin/view/LHCPhysics/TtbarNNLO},
    journal={CERN TWiki; LHCPhysics}} 

@article{ttH_1,
title = {Observation of Higgs boson production in association with a top quark pair at the LHC with the ATLAS detector},
journal = {Physics Letters B},
volume = {784},
pages = {173-191},
year = {2018},
issn = {0370-2693},
doi = {10.1016/j.physletb.2018.07.035},
author = {M. Aaboud and G. Aad and B. Abbott and O. Abdinov and B. Abeloos and D.K. Abhayasinghe and S.H. Abidi and O.S. AbouZeid and N.L. Abraham and H. Abramowicz and H. Abreu and Y. Abulaiti and B.S. Acharya and S. Adachi and L. Adamczyk and J. Adelman and M. Adersberger and A. Adiguzel and T. Adye and A.A. Affolder and Y. Afik and C. Agheorghiesei and J.A. Aguilar-Saavedra and F. Ahmadov and G. Aielli and S. Akatsuka and T.P.A. Åkesson and E. Akilli and A.V. Akimov and G.L. Alberghi and J. Albert and P. Albicocco},
}

@article{ttH_2,
   title={Observation of $t\overline{t}$ Production},
   volume={120},
   ISSN={1079-7114},
   DOI={10.1103/physrevlett.120.231801},
   number={23},
   journal={Physical Review Letters},
   publisher={American Physical Society (APS)},
   author={Sirunyan, A. M. and Tumasyan, A. and Adam, W. and Ambrogi, F. and Asilar, E. and Bergauer, T. and Brandstetter, J. and Dragicevic, M. and Erö, J. and Escalante Del Valle, A. and Flechl, M. and Frühwirth, R. and Ghete, V. M. and Hrubec, J. and Jeitler, M. and Krammer, N. and Krätschmer, I. and Liko, D. and Madlener, T. and Mikulec, I. and },
   year={2018},
   month={6} }

@article{ttH_3,
title = {Observation of H→bb¯ decays and VH production with the ATLAS detector},
journal = {Physics Letters B},
volume = {786},
pages = {59-86},
year = {2018},
issn = {0370-2693},
doi = {10.1016/j.physletb.2018.09.013},
author = {M. Aaboud and G. Aad and B. Abbott and O. Abdinov and B. Abeloos and D.K. Abhayasinghe and S.H. Abidi and O.S. AbouZeid and N.L. Abraham and H. Abramowicz and H. Abreu and Y. Abulaiti and B.S. Acharya and S. Adachi and L. Adam and L. Adamczyk and J. Adelman and M. Adersberger and A. Adiguzel and T. Adye and A.A. Affolder and Y. Afik and },
}
@article{ttH_4,
  title = {Observation of Higgs Boson Decay to Bottom Quarks},
  author = {Sirunyan, A. M. and Tumasyan, A. and Adam, W. and Ambrogi, F. and Asilar, E. and Bergauer, T. and Brandstetter, J. and Dragicevic, M. and Er\"o, J. and Escalante Del Valle, A. and Flechl, M. and Fr\"uhwirth, R. and Ghete, V. M. and Hrubec, J. and Jeitler, M. and Krammer, N. and Kr\"atschmer, I. and Liko, D. and Madlener, T. and Mikulec, I. and Rad, N. and Rohringer, H. and Schieck, J. and Sch\"ofbeck, R. and Spanring, M. and Spitzbart, D. and Waltenberger, W. and Wittmann, J. and Wulz, C.-E. and Zarucki, M. and Chekhovsky, V. and Mossolov, V. and Suarez Gonzalez, J. and De Wolf, E. A. and Di Croce, D. and Janssen, X. and Lauwers, J.},
  collaboration = {CMS Collaboration},
  journal = {Phys. Rev. Lett.},
  volume = {121},
  issue = {12},
  pages = {121801},
  numpages = {20},
  year = {2018},
  month = {9},
  publisher = {American Physical Society},
  doi = {10.1103/PhysRevLett.121.121801},
}


@article{Sirunyan_2021,
   title={Evidence for Higgs boson decay to a pair of muons},
   volume={2021},
   ISSN={1029-8479},
   DOI={10.1007/jhep01(2021)148},
   number={1},
   journal={Journal of High Energy Physics},
   publisher={Springer Science and Business Media LLC},
   author={Sirunyan, A. M. and Tumasyan, A. and Adam, W. and Bergauer, T. and Dragicevic, M. and Erö, J. and Escalante Del Valle, A. and Frühwirth, R. and Jeitler, M. and Krammer, N. and Lechner, L. and Liko, D. and Mikulec, I. and Pitters, F. M. and Rad, N. and Schieck, J. and Schöfbeck, R. and Spanring, M. and Templ, S. and Waltenberger, W.},
   year={2021},
   month={1} }


@misc{2015introduction,
      title={Introduction to parton-shower event generators}, 
      author={Stefan Höche},
      year={2015},
      eprint={1411.4085},
      archivePrefix={arXiv},
      primaryClass={hep-ph}
}

@article{Perturbative_QCD,
    author = "Brock, Raymond and others",
    collaboration = "CTEQ",
    title = "{Handbook of perturbative QCD: Version 1.0}",
    reportNumber = "FERMILAB-PUB-93-094, ANL-HEP-PR-95-29",
    doi = "10.1103/RevModPhys.67.157",
    journal = "Rev. Mod. Phys.",
    volume = "67",
    pages = "157--248",
    year = "1995"
}

@book{48, place={Chicago}, title={Nuclear physics: A course given by Enrico Fermi at the University of Chicago}, publisher={University of Chicago Press}, author={Orear, Jay and Fermi, Enrico and Rosenfeld, Arthur H. and Schluter, Robert A.}, year={1974}} 

@article{Feynman_51,
  title = {Very High-Energy Collisions of Hadrons},
  author = {Feynman, Richard P.},
  journal = {Phys. Rev. Lett.},
  volume = {23},
  issue = {24},
  pages = {1415--1417},
  numpages = {0},
  year = {1969},
  month = {12},
  publisher = {American Physical Society},
  doi = {10.1103/PhysRevLett.23.1415},
}

@article{Bjorken_52,
  title={Inelastic Electron Proton and gamma Proton Scattering, and the Structure of the Nucleon},
  author={James D. Bjorken and E. A. Paschos},
  journal={Physical Review},
  year={1969},
  volume={185},
  pages={1975-1982},
  doi ={10.1103/PhysRev.185.1975}
}

@article{55,
    author = "Collins, John C. and Soper, Davison E.",
    title = "{The Theorems of Perturbative QCD}",
    reportNumber = "OITS-350",
    doi = "10.1146/annurev.ns.37.120187.002123",
    journal = "Ann. Rev. Nucl. Part. Sci.",
    volume = "37",
    pages = "383--409",
    year = "1987"
}

@article{56,
    author = "Gribov, V. N. and Lipatov, L. N.",
    title = "{Deep inelastic e p scattering in perturbation theory}",
    reportNumber = "IPTI-381-71",
    journal = "Sov. J. Nucl. Phys.",
    volume = "15",
    pages = "438--450",
    year = "1972"
}

@article{57,
    author = "Lipatov, L. N.",
    title = "{The parton model and perturbation theory}",
    journal = "Yad. Fiz.",
    volume = "20",
    pages = "181--198",
    year = "1974"
}
@article{58,
title = {Asymptotic freedom in parton language},
journal = {Nuclear Physics B},
volume = {126},
number = {2},
pages = {298-318},
year = {1977},
issn = {0550-3213},
doi = {10.1016/0550-3213(77)90384-4},
author = {G. Altarelli and G. Parisi},
}

@article{59,
    author = "Dokshitzer, Yuri L.",
    title = "{Calculation of the Structure Functions for Deep Inelastic Scattering and e+ e- Annihilation by Perturbation Theory in Quantum Chromodynamics.}",
    journal = "Sov. Phys. JETP",
    volume = "46",
    pages = "641--653",
    year = "1977"
}

@article{61,
    author = "Kinoshita, T.",
    title = "{Mass singularities of Feynman amplitudes}",
    doi = "10.1063/1.1724268",
    journal = "J. Math. Phys.",
    volume = "3",
    pages = "650--677",
    year = "1962"
}

@article{62,
  title = {Degenerate Systems and Mass Singularities},
  author = {Lee, T. D. and Nauenberg, M.},
  journal = {Phys. Rev.},
  volume = {133},
  issue = {6B},
  pages = {B1549--B1562},
  numpages = {0},
  year = {1964},
  month = {3},
  publisher = {American Physical Society},
  doi = {10.1103/PhysRev.133.B1549},
}

@article{67,
    author = "Alioli, Simone and Nason, Paolo and Oleari, Carlo and Re, Emanuele",
    title = "{A general framework for implementing NLO calculations in shower Monte Carlo programs: the POWHEG BOX}",
    eprint = "1002.2581",
    archivePrefix = "arXiv",
    primaryClass = "hep-ph",
    reportNumber = "DESY-10-018, SFB-CPP-10-22, IPPP-10-11, DCPT-10-22",
    doi = "10.1007/JHEP06(2010)043",
    journal = "JHEP",
    volume = "06",
    pages = "043",
    year = "2010"
}

@article{68,
    author = "Nason, Paolo",
    title = "{A New method for combining NLO QCD with shower Monte Carlo algorithms}",
    eprint = "hep-ph/0409146",
    archivePrefix = "arXiv",
    reportNumber = "BICOCCA-FT-04-11",
    doi = "10.1088/1126-6708/2004/11/040",
    journal = "JHEP",
    volume = "11",
    pages = "040",
    year = "2004"
}

@article{Sjostrand:1985xi,
    author = "Sjostrand, Torbjorn",
    title = "{A Model for Initial State Parton Showers}",
    reportNumber = "FERMILAB-PUB-85-023-T",
    doi = "10.1016/0370-2693(85)90674-4",
    journal = "Phys. Lett. B",
    volume = "157",
    pages = "321--325",
    year = "1985"
}
@article{Frixione_2002,
   title={Matching NLO QCD computations and parton shower simulations},
   volume={2002},
   ISSN={1029-8479},
   DOI={10.1088/1126-6708/2002/06/029},
   number={06},
   journal={Journal of High Energy Physics},
   publisher={Springer Science and Business Media LLC},
   author={Frixione, Stefano and Webber, Bryan R},
   year={2002},
   month={6}, pages={029–029} }

@article{Sudakov:1954sw,
    author = "Sudakov, V. V.",
    title = "{Vertex parts at very high-energies in quantum electrodynamics}",
    journal = "Sov. Phys. JETP",
    volume = "3",
    pages = "65--71",
    year = "1956"
}

@article{Collins:1989bt,
    author = "Collins, John C.",
    title = "{Sudakov form-factors}",
    eprint = "hep-ph/0312336",
    archivePrefix = "arXiv",
    doi = "10.1142/9789814503266_0006",
    journal = "Adv. Ser. Direct. High Energy Phys.",
    volume = "5",
    pages = "573--614",
    year = "1989"
}

@Article{Ball2017,
author={Ball, Richard D. and Bertone, Valerio and Carrazza, Stefano and Debbio, Luigi Del and Forte, Stefano and Groth-Merrild, Patrick and Guffanti, Alberto and Hartland, Nathan P. and Kassabov, Zahari and Latorre, Jos{\'e} I. and Nocera, Emanuele R. and Rojo, Juan and Rottoli, Luca and Slade, Emma and Ubiali, Maria},
title={Parton distributions from high-precision collider data},
journal={The European Physical Journal C},
year={2017},
month={10},
day={04},
volume={77},
number={10},
pages={663},
issn={1434-6052},
doi={10.1140/epjc/s10052-017-5199-5},
}

@misc{weinzierl2000introduction,
      title={Introduction to Monte Carlo methods}, 
      author={Stefan Weinzierl},
      year={2000},
      eprint={hep-ph/0006269},
      archivePrefix={arXiv},
      primaryClass={hep-ph}
}

@misc{elvira2022advances,
      title={Advances in Importance Sampling}, 
      author={Víctor Elvira and Luca Martino},
      year={2022},
      eprint={2102.05407},
      archivePrefix={arXiv},
      primaryClass={stat.CO}
}

@article{Catani_1997,
   title={A general algorithm for calculating jet cross sections in NLO QCD},
   volume={485},
   ISSN={0550-3213},
   DOI={10.1016/s0550-3213(96)00589-5},
   number={1–2},
   journal={Nuclear Physics B},
   publisher={Elsevier BV},
   author={Catani, S. and Seymour, M.H.},
   year={1997},
   month={2}, pages={291–419} }

@article{Nason:2012pr,
    author = "Nason, Paolo and Webber, Bryan",
    title = "{Next-to-Leading-Order Event Generators}",
    eprint = "1202.1251",
    archivePrefix = "arXiv",
    primaryClass = "hep-ph",
    reportNumber = "CAVENDISH-HEP-2012-02, CERN-PH-TH-2012-028",
    doi = "10.1146/annurev-nucl-102711-094928",
    journal = "Ann. Rev. Nucl. Part. Sci.",
    volume = "62",
    pages = "187--213",
    year = "2012"
}

@book{Schwartz_2013, place={Cambridge}, title={Quantum Field Theory and the Standard Model}, publisher={Cambridge University Press}, author={Schwartz, Matthew D.}, year={2013}}

@article{Pythia,
title = {An introduction to PYTHIA 8.2},
journal = {Computer Physics Communications},
volume = {191},
pages = {159-177},
year = {2015},
issn = {0010-4655},
doi = {10.1016/j.cpc.2015.01.024},
author = {Torbjörn Sjöstrand and Stefan Ask and Jesper R. Christiansen and Richard Corke and Nishita Desai and Philip Ilten and Stephen Mrenna and Stefan Prestel and Christine O. Rasmussen and Peter Z. Skands},
}

@article{Lund_model,
title = {Parton fragmentation and string dynamics},
journal = {Physics Reports},
volume = {97},
number = {2},
pages = {31-145},
year = {1983},
issn = {0370-1573},
doi = {10.1016/0370-1573(83)90080-7},
author = {B. Andersson and G. Gustafson and G. Ingelman and T. Sjöstrand}
}

@Article{Herwig,
author={B{\"a}hr, Manuel and Gieseke, Stefan and Gigg, Martyn A. and Grellscheid, David and Hamilton, Keith and Latunde-Dada, Oluseyi and Pl{\"a}tzer, Simon and Richardson, Peter and Seymour, Michael H. and Sherstnev, Alexander and Webber, Bryan R.},
title={Herwig++ physics and manual},
journal={The European Physical Journal C},
year={2008},
month={12},
day={01},
volume={58},
number={4},
pages={639-707},
issn={1434-6052},
doi={10.1140/epjc/s10052-008-0798-9},
}

@article{Stefano_Frixione_2007,
doi = {10.1088/1126-6708/2007/11/070},
year = {2007},
month = {11},
publisher = {},
volume = {2007},
number = {11},
pages = {070},
author = {Stefano Frixione and  Paolo Nason and  Carlo Oleari},
title = {Matching NLO QCD computations with parton shower simulations: the POWHEG method},
journal = {Journal of High Energy Physics},
}

@article{ParticleNet,
      author        = "Qu, Huilin and Gouskos, Loukas",
      title         = "{ParticleNet: Jet Tagging via Particle Clouds. Jet tagging via particle clouds}",
      archivePrefix = "arXiv",
      eprint        = "1902.08570",
      journal       = "Phys. Rev. D",
      volume        = "101",
      number        = "5",
      pages         = "056019",
      year          = "2020",
      doi           = "10.1103/PhysRevD.101.056019",
}

@misc{ParticleTransformer,
      title={Particle Transformer for Jet Tagging}, 
      author={Huilin Qu and Congqiao Li and Sitian Qian},
      year={2024},
      eprint={2202.03772},
      archivePrefix={arXiv},
      primaryClass={hep-ph}
}

@misc{DGCNN,
      title={Dynamic Graph CNN for Learning on Point Clouds}, 
      author={Yue Wang and Yongbin Sun and Ziwei Liu and Sanjay E. Sarma and Michael M. Bronstein and Justin M. Solomon},
      year={2019},
      eprint={1801.07829},
      archivePrefix={arXiv},
      primaryClass={cs.CV}
}

@article{DeepJet,
   title={Jet flavour classification using DeepJet},
   volume={15},
   ISSN={1748-0221},
   DOI={10.1088/1748-0221/15/12/p12012},
   number={12},
   journal={Journal of Instrumentation},
   publisher={IOP Publishing},
   author={Bols, E. and Kieseler, J. and Verzetti, M. and Stoye, M. and Stakia, A.},
   year={2020},
   month=dec, pages={P12012–P12012} }


@article{LHE,
   title={A standard format for Les Houches Event Files},
   volume={176},
   ISSN={0010-4655},
   DOI={10.1016/j.cpc.2006.11.010},
   number={4},
   journal={Computer Physics Communications},
   publisher={Elsevier BV},
   author={Alwall, J. and Ballestrero, A. and Bartalini, P. and Belov, S. and Boos, E. and Buckley, A. and Butterworth, J.M. and Dudko, L. and Frixione, S. and Garren, L. and Gieseke, S. and Gusev, A. and Hinchliffe, I. and Huston, J. and Kersevan, B. and Krauss, F. and Lavesson, N. and Lönnblad, L. and Maina, E. and Maltoni, F. and Mangano, M.L. and Moortgat, F. and Mrenna, S. and Papadopoulos, C.G. and Pittau, R. and Richardson, P. and Seymour, M.H. and Sherstnev, A. and Sjöstrand, T. and Skands, P. and Slabospitsky, S.R. and Wa̧s, Z. and Webber, B.R. and Worek, M. and Zeppenfeld, D.},
   year={2007},
   month={2}, pages={300–304} }


@article{Jezo:2015aia,
    author = "Je\v{z}o, Tom\'as and Nason, Paolo",
    title = "{On the Treatment of Resonances in Next-to-Leading Order Calculations Matched to a Parton Shower}",
    eprint = "1509.09071",
    archivePrefix = "arXiv",
    primaryClass = "hep-ph",
    doi = "10.1007/JHEP12(2015)065",
    journal = "JHEP",
    volume = "12",
    pages = "065",
    year = "2015"
}

@misc{TOP-22-009,
      title={Inclusive and differential cross section measurements of $\mathrm{t\bar{t}b\bar{b}}$ production in the lepton+jets channel at $\sqrt{s}$ = 13 TeV}, 
      author={CMS Collaboration},
      year={2023},
      eprint={2309.14442},
      archivePrefix={arXiv},
      primaryClass={hep-ex}
}

@phdthesis{vanderLinden,
    author = "van der Linden, Jan",
    title = "{Inclusive and differential cross section measurement of ttbb production and studies of tt production with additional jet radiation}",
    school = "KIT/ETP, KIT, Karlsruhe",
    year = "2023"
}

@Article{Tom,
author={Jezo, Tom{\'a}s and Lindert, Jonas M. and Moretti, Niccolo and Pozzorini, Stefano},
title={New NLOPS predictions for t$\bar{\text{t}}$ + b-jet production at the LHC},
journal={The European Physical Journal C},
year={2018},
month={6},
day={18},
volume={78},
number={6},
pages={502},
issn={1434-6052},
doi={10.1140/epjc/s10052-018-5956-0},
}

@article{NNPDF,
   title={Parton distributions for the LHC run II},
   volume={2015},
   ISSN={1029-8479},
   DOI={10.1007/jhep04(2015)040},
   number={4},
   journal={Journal of High Energy Physics},
   publisher={Springer Science and Business Media LLC},
   author={Ball, Richard D. and Bertone, Valerio and Carrazza, Stefano and Deans, Christopher S. and Del Debbio, Luigi and Forte, Stefano and Guffanti, Alberto and Hartland, Nathan P. and Latorre, José I. and Rojo, Juan and Ubiali, Maria},
   year={2015},
   month={4} }

@article{LHAPDF,
   title={LHAPDF6: parton density access in the LHC precision era},
   volume={75},
   ISSN={1434-6052},
   DOI={10.1140/epjc/s10052-015-3318-8},
   number={3},
   journal={The European Physical Journal C},
   publisher={Springer Science and Business Media LLC},
   author={Buckley, Andy and Ferrando, James and Lloyd, Stephen and Nordström, Karl and Page, Ben and Rüfenacht, Martin and Schönherr, Marek and Watt, Graeme},
   year={2015},
   month={3} }

@article{Muon_2012,
doi = {10.1088/1748-0221/7/10/P10002},
year = {2012},
month = {10},
publisher = {},
volume = {7},
number = {10},
pages = {P10002},
author = {The CMS collaboration},
title = {Performance of CMS muon reconstruction in pp collision events at $\sqrt{s}$ = 7 TeV},
journal = {Journal of Instrumentation}
}

@misc{XML,
  author       = {W3C},
  title        = {Extensible Markup Language (XML) 1.0 (Fifth Edition)},
  howpublished = {\url{https://www.w3.org/TR/xml/}},
  year         = {2008}
}
